@article{elshafei1977hospital,
  title={Hospital layout as a quadratic assignment problem},
  author={Elshafei, Alwalid N},
  journal={Journal of the Operational Research Society},
  volume={28},
  number={1},
  pages={167--179},
  year={1977},
  publisher={Taylor \& Francis}
}